<record xmlns='http://www.loc.gov/MARC21/slim'><leader>02984cam a2200613 i 4500</leader><controlfield tag='001'>8181849</controlfield><controlfield tag='005'>20170530145355.0</controlfield><controlfield tag='008'>140305r20140706ja a     b    000 0 jpn c</controlfield><datafield ind1=' ' ind2=' ' tag='035'><subfield code='a'>(OCoLC)ocn902811484</subfield></datafield><datafield ind1=' ' ind2=' ' tag='040'><subfield code='a'>PAU</subfield><subfield code='b'>eng</subfield><subfield code='e'>rda</subfield><subfield code='c'>PAU</subfield><subfield code='d'>OCLCF</subfield><subfield code='d'>ZCU</subfield><subfield code='d'>OCLCO</subfield><subfield code='d'>OCL</subfield><subfield code='d'>STF</subfield><subfield code='d'>OCL</subfield><subfield code='d'>OCLCA</subfield><subfield code='d'>OCLCQ</subfield><subfield code='d'>PUL</subfield></datafield><datafield ind1=' ' ind2=' ' tag='020'><subfield code='a'>9784585220732</subfield><subfield code='q'>(set)</subfield></datafield><datafield ind1=' ' ind2=' ' tag='020'><subfield code='a'>4585220739</subfield><subfield code='q'>(set)</subfield></datafield><datafield ind1=' ' ind2=' ' tag='035'><subfield code='a'>(OCoLC)902811484</subfield></datafield><datafield ind1='0' ind2=' ' tag='041'><subfield code='a'>jpn</subfield><subfield code='a'>chi</subfield></datafield><datafield ind1=' ' ind2=' ' tag='042'><subfield code='a'>pcc</subfield></datafield><datafield ind1=' ' ind2='4' tag='050'><subfield code='a'>BQ2215</subfield><subfield code='b'>.J59 2014</subfield></datafield><datafield ind1=' ' ind2=' ' tag='049'><subfield code='a'>PULL</subfield></datafield><datafield ind1='0' ind2=' ' tag='100'><subfield code='6'>880-01</subfield><subfield code='a'>Jizang,</subfield><subfield code='d'>549-623,</subfield><subfield code='e'>author.</subfield></datafield><datafield ind1='1' ind2='0' tag='240'><subfield code='6'>880-02</subfield><subfield code='a'>Jing ming xuan lun</subfield></datafield><datafield ind1='1' ind2='0' tag='245'><subfield code='6'>880-03</subfield><subfield code='a'>Jōmyō genron /</subfield><subfield code='c'>Kyōto Kokuritsu Hakubutsukan hen ; kaisetsu Ishihara Harumichi (Hokkaidō Daigaku Meiyo Kyōju), Akao Eikei (Kyōto Kokuritsu Hakubutsukan Gakugeibu Jōseki Kenkyūin).</subfield></datafield><datafield ind1='3' ind2='0' tag='246'><subfield code='6'>880-04</subfield><subfield code='a'>Kokuhō Jōmyō genron</subfield></datafield><datafield ind1='3' ind2=' ' tag='246'><subfield code='6'>880-05</subfield><subfield code='a'>Kyōto Kokuritsu Hakubutsukan shozō kokuhō Jōmyō genron</subfield></datafield><datafield ind1=' ' ind2=' ' tag='250'><subfield code='6'>880-06</subfield><subfield code='a'>Shohan.</subfield></datafield><datafield ind1=' ' ind2='1' tag='264'><subfield code='6'>880-07</subfield><subfield code='a'>Tōkyō :</subfield><subfield code='b'>Bensei Shuppan,</subfield><subfield code='c'>2014.</subfield></datafield><datafield ind1=' ' ind2='4' tag='264'><subfield code='c'>©2014</subfield></datafield><datafield ind1=' ' ind2=' ' tag='300'><subfield code='a'>2 volumes :</subfield><subfield code='b'>illustrations ;</subfield><subfield code='c'>31 cm</subfield></datafield><datafield ind1=' ' ind2=' ' tag='336'><subfield code='a'>text</subfield><subfield code='b'>txt</subfield><subfield code='2'>rdacontent</subfield></datafield><datafield ind1=' ' ind2=' ' tag='337'><subfield code='a'>unmediated</subfield><subfield code='b'>n</subfield><subfield code='2'>rdamedia</subfield></datafield><datafield ind1=' ' ind2=' ' tag='338'><subfield code='a'>volume</subfield><subfield code='b'>nc</subfield><subfield code='2'>rdacarrier</subfield></datafield><datafield ind1=' ' ind2=' ' tag='500'><subfield code='a'>Facsimile reproduction of a manuscript collection of scrolls dated between 706 and Kamakura period held at Kyōto Kokuritsu Hakubutsukan.</subfield></datafield><datafield ind1=' ' ind2=' ' tag='500'><subfield code='a'>Latter statement of responsibility from volume 1, colophon.</subfield></datafield><datafield ind1=' ' ind2=' ' tag='504'><subfield code='a'>Includes bibliographical references.</subfield></datafield><datafield ind1='0' ind2='0' tag='630'><subfield code='a'>Tripiṭaka.</subfield><subfield code='p'>Sūtrapiṭaka.</subfield><subfield code='p'>Vimalakīrtinirdeśa</subfield><subfield code='v'>Outlines, syllabi, etc.</subfield></datafield><datafield ind1='0' ind2='7' tag='630'><subfield code='a'>Tripiṭaka.</subfield><subfield code='p'>Sūtrapiṭaka.</subfield><subfield code='p'>Vimalakīrtinirdeśa.</subfield><subfield code='2'>fast</subfield><subfield code='0'>(OCoLC)fst01361012</subfield></datafield><datafield ind1='0' ind2='0' tag='630'><subfield code='a'>Tripiṭaka.</subfield><subfield code='p'>Sūtrapiṭaka.</subfield><subfield code='p'>Vimalakīrtinirdeśa</subfield><subfield code='v'>Outlines, syllabi, etc.</subfield><subfield code='v'>Early works to 1800.</subfield></datafield><datafield ind1=' ' ind2='7' tag='655'><subfield code='a'>Early works.</subfield><subfield code='2'>fast</subfield><subfield code='0'>(OCoLC)fst01411636</subfield></datafield><datafield ind1=' ' ind2='7' tag='655'><subfield code='a'>Outlines and syllabi.</subfield><subfield code='2'>fast</subfield><subfield code='0'>(OCoLC)fst01423836</subfield></datafield><datafield ind1='1' ind2=' ' tag='700'><subfield code='6'>880-08</subfield><subfield code='a'>Ishizuka, Harumichi,</subfield><subfield code='d'>1942-</subfield><subfield code='e'>writer of supplementary textual content.</subfield></datafield><datafield ind1='1' ind2=' ' tag='700'><subfield code='6'>880-09</subfield><subfield code='a'>Akao, Eikei,</subfield><subfield code='d'>1954-</subfield><subfield code='e'>writer of supplementary textual content.</subfield></datafield><datafield ind1='2' ind2=' ' tag='710'><subfield code='6'>880-10</subfield><subfield code='a'>Kyōto Kokuritsu Hakubutsukan,</subfield><subfield code='e'>editor.</subfield></datafield><datafield ind1='0' ind2=' ' tag='880'><subfield code='6'>100-01</subfield><subfield code='a'>吉藏,</subfield><subfield code='d'>549-623,</subfield><subfield code='e'>author.</subfield></datafield><datafield ind1='1' ind2='0' tag='880'><subfield code='6'>240-02</subfield><subfield code='a'>浄名玄論</subfield></datafield><datafield ind1='1' ind2='0' tag='880'><subfield code='6'>245-03</subfield><subfield code='a'>浄名玄論 /</subfield><subfield code='c'>京都国立博物館編 ; 解說石塚晴道 (北海道大学名誉教授), 赤尾栄慶 (京都国立博物館学芸部上席研究員).</subfield></datafield><datafield ind1='3' ind2='0' tag='880'><subfield code='6'>246-04</subfield><subfield code='a'>国宝浄名玄論</subfield></datafield><datafield ind1='3' ind2=' ' tag='880'><subfield code='6'>246-05</subfield><subfield code='a'>京都国立博物館所蔵国宝浄名玄論</subfield></datafield><datafield ind1=' ' ind2=' ' tag='880'><subfield code='6'>250-06</subfield><subfield code='a'>初版.</subfield></datafield><datafield ind1=' ' ind2='1' tag='880'><subfield code='6'>264-07</subfield><subfield code='a'>東京 :</subfield><subfield code='b'>勉誠出版,</subfield><subfield code='c'>2014.</subfield></datafield><datafield ind1='1' ind2=' ' tag='880'><subfield code='6'>700-08</subfield><subfield code='a'>石塚晴通,</subfield><subfield code='d'>1942-</subfield><subfield code='e'>writer of supplementary textual content.</subfield></datafield><datafield ind1='1' ind2=' ' tag='880'><subfield code='6'>700-09</subfield><subfield code='a'>赤尾栄慶,</subfield><subfield code='d'>1954-</subfield><subfield code='e'>writer of supplementary textual content.</subfield></datafield><datafield ind1='2' ind2=' ' tag='880'><subfield code='6'>710-10</subfield><subfield code='a'>京都国立博物館,</subfield><subfield code='e'>editor.</subfield></datafield><datafield ind1='1' ind2='0' tag='880'><subfield code='6'>600-11</subfield><subfield code='a'>石塚晴通</subfield></datafield><datafield ind1='1' ind2='0' tag='880'><subfield code='6'>552-12</subfield><subfield code='a'>蘭臺</subfield></datafield><datafield ind1=' ' ind2=' ' tag='904'><subfield code='a'>tm</subfield><subfield code='b'>o</subfield><subfield code='h'>m</subfield><subfield code='c'>b</subfield><subfield code='e'>20140305</subfield></datafield><datafield ind1=' ' ind2=' ' tag='994'><subfield code='a'>C0</subfield><subfield code='b'>PUL</subfield></datafield><datafield ind1=' ' ind2=' ' tag='999'><subfield code='a'>8181849</subfield></datafield><datafield ind1=' ' ind2=' ' tag='902'><subfield code='a'>kh</subfield><subfield code='s'>kh</subfield><subfield code='b'>m</subfield><subfield code='6'>a</subfield><subfield code='7'>m</subfield><subfield code='d'>v</subfield><subfield code='f'>2</subfield><subfield code='e'>20170530</subfield></datafield><datafield ind1='0' ind2=' ' tag='852'><subfield code='0'>7948111</subfield><subfield code='b'>rcppa</subfield><subfield code='h'>BQ2215</subfield><subfield code='i'>.J59 2014</subfield><subfield code='x'>tr fr gest cjk</subfield></datafield><datafield ind1=' ' ind2='0' tag='866'><subfield code='0'>7948111</subfield><subfield code='x'>vol.1-2</subfield></datafield><datafield ind1=' ' ind2=' ' tag='959'><subfield code='a'>2017-04-27 09:27:43 -0400</subfield></datafield></record>
